%---------------------------------------------------------------------------%
%-                                                                         -%
%-                             Bibliography                                -%
%-                                                                         -%
%---------------------------------------------------------------------------%
@book{wikibook2014latex,
    title={http://en.wikibooks.org/wiki/LaTeX},
    author={Wikibook},
    year={2014},
    publisher={On-line Resources}
}
@book{lamport1986document,
    title={Document Preparation System},
    author={Lamport, Leslie},
    year={1986},
    publisher={Addison-Wesley Reading, MA}
}
@article{chen2005zhulu,
    title={著录文后参考文献的规则及注意事项},
    author={陈浩元},
    key={Chen Hao Yuan},
    journal={编辑学报},
    volume={17},
    number={6},
    pages={413--415},
    year={2005}
}
@book{chu2004tushu,
    title={图书馆数字参考咨询服务研究},
    author={初景利},
    key={Chu Jing Li},
    year={2004},
    address={北京},
    publisher={北京图书馆出版社}
}
@article{stamerjohanns2009mathml,
    title={{MathML}-aware article conversion from {LaTeX}},
    author={Stamerjohanns, Heinrich and Ginev, Deyan and David, Catalin and Misev, Dimitar and Zamdzhiev, Vladimir and Kohlhase, Michael},
    journal={Towards a Digital Mathematics Library},
    volume={16},
    number={2},
    pages={109--120},
    year={2009},
    publisher={Masaryk University Press}
}
@book{hls2012jinji,
  author       = {哈里森·沃尔德伦},
  key          = {Haliseng Woerdelun},
  translator   = {谢远涛},
  title        = {经济数学与金融数学},
  address      = {北京},
  publisher    = {中国人民大学出版社},
  year         = {2012},
  pages        = {235--236},
}
@proceedings{niu2013zonghe,
  editor       = {牛志明 and 斯温兰德 and 雷光春},
  key          = {Niu Zhi Ming Siwenlande Lei Guang Chun},
  title        = {综合湿地管理国际研讨会论文集},
  address      = {北京},
  publisher    = {海洋出版社},
  year         = {2013},
}
@incollection{chen1980zhongguo,
  author       = {陈晋镳 and 张惠民 and 朱士兴 and 赵震 and
                 王振刚},
  key          = {Chen Jing Ao Zhang Hui Ming Zhu Shi Xing Zhao Zhen Wang Zhen Gang},
  title        = {蓟县震旦亚界研究},
  editor       = {中国地质科学院天津地质矿产研究所},
  booktitle    = {中国震旦亚界},
  address      = {天津},
  publisher    = {天津科学技术出版社},
  year         = {1980},
  pages        = {56--114},
}
@article{yuan2012lana,
  author       = {袁训来 and 陈哲 and 肖书海},
  key          = {Yuan xun lai Chen zhe Xiao shu Hai},
  title        = {蓝田生物群: 一个认识多细胞生物起源和早期演化的新窗口 -- 篇一},
  journal      = {科学通报},
  year         = {2012},
  volume       = {57},
  number       = {34},
  pages        = {3219},
}
@article{yuan2012lanb,
  author       = {袁训来 and 陈哲 and 肖书海},
  key          = {Yuan xun lai Chen zhe Xiao shu Hai},
  title        = {蓝田生物群: 一个认识多细胞生物起源和早期演化的新窗口 -- 篇二},
  journal      = {科学通报},
  year         = {2012},
  volume       = {57},
  number       = {34},
  pages        = {3219},
}
@article{yuan2012lanc,
  author       = {袁训来 and 陈哲 and 肖书海},
  key          = {Yuan xun lai Chen zhe Xiao shu Hai},
  title        = {蓝田生物群: 一个认识多细胞生物起源和早期演化的新窗口 -- 篇三},
  journal      = {科学通报},
  year         = {2012},
  volume       = {57},
  number       = {34},
  pages        = {3219},
}
@article{walls2013drought,
  author       = {Walls, Susan C. and Barichivich, William J. and Brown, Mary
                 E.},
  title        = {Drought, deluge and declines: the impact of precipitation
                 extremes on amphibians in a changing climate},
  journal      = {Biology},
  year         = {2013},
  volume       = {2},
  number       = {1},
  pages        = {399--418},
  urldate      = {2013-11-04},
  url          = {http://www.mdpi.com/2079-7737/2/1/399},
  doi          = {10.3390/biology2010399},
}
@article{Bohan1928,
    author = { ボハン, デ},
    title = { 過去及び現在に於ける英国と会 },
    journal = { 日本時報 },
    year = { 1928 },
    volume = { 17 },
    pages = { 5-9 },
    edition = { 9 },
    hyphenation = { japanese },
    language = { japanese }
}

@article{Dubrovin1906,
    author = { Дубровин, А. И },
    title = { Открытое письмо Председателя Главного Совета Союза Русского Народа Санкт-Петербургскому Антонию, Первенствующему члену Священного Синода },
    journal = { Вече },
    year = { 1906 },
    volume = {  },
    edition = { 97 },
    month = { 7 дек. 1906 },
    pages = { 1-3 },
    hyphenation = { russian },
    language = { russian }
}
%---------Haibo Hao thesis-----------
@inproceedings{meng2011grophecy,
	title={GROPHECY: GPU performance projection from CPU code skeletons},
	author={Meng, Jiayuan and Morozov, Vitali A and Kumaran, Kalyan and Vishwanath, Venkatram and Uram, Thomas D},
	booktitle={High Performance Computing, Networking, Storage and Analysis (SC), 2011 International Conference for},
	pages={1--11},
	year={2011},
	organization={IEEE}
}
@misc{profiler2011nvidia,
	title={Nvidia},
	author={Profiler, Visual},
	year={2011}
}
@inproceedings{hong2009analytical,
	title={An analytical model for a GPU architecture with memory-level and thread-level parallelism awareness},
	author={Hong, Sunpyo and Kim, Hyesoon},
	booktitle={ACM SIGARCH Computer Architecture News},
	volume={37},
	number={3},
	pages={152--163},
	year={2009},
	organization={ACM}
}
@inproceedings{sim2012performance,
	title={A performance analysis framework for identifying potential benefits in GPGPU applications},
	author={Sim, Jaewoong and Dasgupta, Aniruddha and Kim, Hyesoon and Vuduc, Richard},
	booktitle={ACM SIGPLAN Notices},
	volume={47},
	number={8},
	pages={11--22},
	year={2012},
	organization={ACM}
}
@inproceedings{zhang2011quantitative,
	title={A quantitative performance analysis model for GPU architectures},
	author={Zhang, Yao and Owens, John D},
	booktitle={High Performance Computer Architecture (HPCA), 2011 IEEE 17th International Symposium on},
	pages={382--393},
	year={2011},
	organization={IEEE}
}
@article{williams2009roofline,
	title={Roofline: an insightful visual performance model for multicore architectures},
	author={Williams, Samuel and Waterman, Andrew and Patterson, David},
	journal={Communications of the ACM},
	volume={52},
	number={4},
	pages={65--76},
	year={2009},
	publisher={ACM}
}
@inproceedings{volkov2008benchmarking,
	title={Benchmarking GPUs to tune dense linear algebra},
	author={Volkov, Vasily and Demmel, James W},
	booktitle={High Performance Computing, Networking, Storage and Analysis, 2008. SC 2008. International Conference for},
	pages={1--11},
	year={2008},
	organization={IEEE}
}
@inproceedings{lai2013performance,
	title={Performance upper bound analysis and optimization of SGEMM on Fermi and Kepler GPUs},
	author={Lai, Junjie and Seznec, Andr{\'e}},
	booktitle={Proceedings of the 2013 IEEE/ACM International Symposium on Code Generation and Optimization (CGO)},
	pages={1--10},
	year={2013},
	organization={IEEE Computer Society}
}
@article{grayassembler,
	title={Assembler for nvidia maxwell architecture, 2014},
	author={Gray, Scott},
	journal={URL https://github.com/NervanaSystems/maxas}
}
@article{nvidia2008cublas,
	title={Cublas library},
	author={Nvidia, CUDA},
	journal={NVIDIA Corporation, Santa Clara, California},
	volume={15},
	number={27},
	pages={31},
	year={2008}
}
@inproceedings{zhang2017understanding,
	title={Understanding the gpu microarchitecture to achieve bare-metal performance tuning},
	author={Zhang, Xiuxia and Tan, Guangming and Xue, Shuangbai and Li, Jiajia and Zhou, Keren and Chen, Mingyu},
	booktitle={Proceedings of the 22nd ACM SIGPLAN Symposium on Principles and Practice of Parallel Programming},
	pages={31--43},
	year={2017},
	organization={ACM}
}
@article{xiuxiaassembler,
	title={Assembler for nvidia kepler architecture, 2016},
	author={Xiuxia, Zhang},
	journal={URL https://github.com/PAA\_NCIC/PPoPP2017\_artifact}
}
@article{xianyi2012openblas,
	title={OpenBLAS},
	author={Xianyi, Zhang and Qian, Wang and Chothia, Zaheer},
	journal={URL: http://xianyi.github.io/OpenBLAS},
	pages={88},
	year={2012}
}
%---------------------------------------------------------------------------%
